{
    "symbol": "IBM",
    "annualReports": [
        {
            "fiscalDateEnding": "2022-12-31",
            "reportedCurrency": "USD",
            "grossProfit": "32687000000",
            "totalRevenue": "60530000000",
            "costOfRevenue": "27842000000",
            "costofGoodsAndServicesSold": "385000000",
            "operatingIncome": "6408000000",
            "sellingGeneralAndAdministrative": "18609000000",
            "researchAndDevelopment": "6567000000",
            "operatingExpenses": "26279000000",
            "investmentIncomeNet": "None",
            "netInterestIncome": "-1216000000",
            "interestIncome": "162000000",
            "interestExpense": "1216000000",
            "nonInterestIncome": "365000000",
            "otherNonOperatingIncome": "443000000",
            "depreciation": "2407000000",
            "depreciationAndAmortization": "2395000000",
            "incomeBeforeTax": "1013000000",
            "incomeTaxExpense": "-626000000",
            "interestAndDebtExpense": "1216000000",
            "netIncomeFromContinuingOperations": "1783000000",
            "comprehensiveIncomeNetOfTax": "8134000000",
            "ebit": "2229000000",
            "ebitda": "4624000000",
            "netIncome": "1639000000"
        },
        {
            "fiscalDateEnding": "2021-12-31",
            "reportedCurrency": "USD",
            "grossProfit": "31486000000",
            "totalRevenue": "57350000000",
            "costOfRevenue": "25865000000",
            "costofGoodsAndServicesSold": "300000000",
            "operatingIncome": "4786000000",
            "sellingGeneralAndAdministrative": "18745000000",
            "researchAndDevelopment": "6488000000",
            "operatingExpenses": "26700000000",
            "investmentIncomeNet": "None",
            "netInterestIncome": "-1155000000",
            "interestIncome": "52000000",
            "interestExpense": "1155000000",
            "nonInterestIncome": "337000000",
            "otherNonOperatingIncome": "225000000",
            "depreciation": "3888000000",
            "depreciationAndAmortization": "2529000000",
            "incomeBeforeTax": "5867000000",
            "incomeTaxExpense": "124000000",
            "interestAndDebtExpense": "1155000000",
            "netIncomeFromContinuingOperations": "4712000000",
            "comprehensiveIncomeNetOfTax": "10582000000",
            "ebit": "7022000000",
            "ebitda": "9551000000",
            "netIncome": "5743000000"
        },
        {
            "fiscalDateEnding": "2020-12-31",
            "reportedCurrency": "USD",
            "grossProfit": "30865000000",
            "totalRevenue": "55179000000",
            "costOfRevenue": "24314000000",
            "costofGoodsAndServicesSold": "439000000",
            "operatingIncome": "4609000000",
            "sellingGeneralAndAdministrative": "20561000000",
            "researchAndDevelopment": "6262000000",
            "operatingExpenses": "30966000000",
            "investmentIncomeNet": "None",
            "netInterestIncome": "-1288000000",
            "interestIncome": "105000000",
            "interestExpense": "1288000000",
            "nonInterestIncome": "-92000000",
            "otherNonOperatingIncome": "156000000",
            "depreciation": "4227000000",
            "depreciationAndAmortization": "2468000000",
            "incomeBeforeTax": "4230000000",
            "incomeTaxExpense": "-1360000000",
            "interestAndDebtExpense": "1288000000",
            "netIncomeFromContinuingOperations": "3932000000",
            "comprehensiveIncomeNetOfTax": "4850000000",
            "ebit": "5518000000",
            "ebitda": "7986000000",
            "netIncome": "5590000000"
        },
        {
            "fiscalDateEnding": "2019-12-31",
            "reportedCurrency": "USD",
            "grossProfit": "31533000000",
            "totalRevenue": "57714000000",
            "costOfRevenue": "26181000000",
            "costofGoodsAndServicesSold": "591000000",
            "operatingIncome": "9004000000",
            "sellingGeneralAndAdministrative": "18724000000",
            "researchAndDevelopment": "5910000000",
            "operatingExpenses": "27484000000",
            "investmentIncomeNet": "None",
            "netInterestIncome": "-1344000000",
            "interestIncome": "349000000",
            "interestExpense": "1344000000",
            "nonInterestIncome": "None",
            "otherNonOperatingIncome": "968000000",
            "depreciation": "4209000000",
            "depreciationAndAmortization": "1850000000",
            "incomeBeforeTax": "9491000000",
            "incomeTaxExpense": "60000000",
            "interestAndDebtExpense": "1344000000",
            "netIncomeFromContinuingOperations": "7146000000",
            "comprehensiveIncomeNetOfTax": "10324000000",
            "ebit": "10835000000",
            "ebitda": "12685000000",
            "netIncome": "9431000000"
        },
        {
            "fiscalDateEnding": "2018-12-31",
            "reportedCurrency": "USD",
            "grossProfit": "36936000000",
            "totalRevenue": "79591000000",
            "costOfRevenue": "42655000000",
            "costofGoodsAndServicesSold": "42655000000",
            "operatingIncome": "10838000000",
            "sellingGeneralAndAdministrative": "19366000000",
            "researchAndDevelopment": "5379000000",
            "operatingExpenses": "26098000000",
            "investmentIncomeNet": "None",
            "netInterestIncome": "-723000000",
            "interestIncome": "264000000",
            "interestExpense": "723000000",
            "nonInterestIncome": "None",
            "otherNonOperatingIncome": "-1152000000",
            "depreciation": "3127000000",
            "depreciationAndAmortization": "1353000000",
            "incomeBeforeTax": "11347000000",
            "incomeTaxExpense": "2619000000",
            "interestAndDebtExpense": "723000000",
            "netIncomeFromContinuingOperations": "8723000000",
            "comprehensiveIncomeNetOfTax": "8252000000",
            "ebit": "12070000000",
            "ebitda": "13423000000",
            "netIncome": "8728000000"
        }
    ],
    "quarterlyReports": [
        {
            "fiscalDateEnding": "2023-09-30",
            "reportedCurrency": "USD",
            "grossProfit": "8023000000",
            "totalRevenue": "14752000000",
            "costOfRevenue": "6729000000",
            "costofGoodsAndServicesSold": "42000000",
            "operatingIncome": "1994000000",
            "sellingGeneralAndAdministrative": "4458000000",
            "researchAndDevelopment": "1685000000",
            "operatingExpenses": "6029000000",
            "investmentIncomeNet": "None",
            "netInterestIncome": "-412000000",
            "interestIncome": "156000000",
            "interestExpense": "412000000",
            "nonInterestIncome": "265000000",
            "otherNonOperatingIncome": "97000000",
            "depreciation": "521000000",
            "depreciationAndAmortization": "572000000",
            "incomeBeforeTax": "1863000000",
            "incomeTaxExpense": "159000000",
            "interestAndDebtExpense": "412000000",
            "netIncomeFromContinuingOperations": "1714000000",
            "comprehensiveIncomeNetOfTax": "2105000000",
            "ebit": "2275000000",
            "ebitda": "2847000000",
            "netIncome": "1704000000"
        },
        {
            "fiscalDateEnding": "2023-06-30",
            "reportedCurrency": "USD",
            "grossProfit": "8501000000",
            "totalRevenue": "15475000000",
            "costOfRevenue": "6974000000",
            "costofGoodsAndServicesSold": "61000000",
            "operatingIncome": "1984000000",
            "sellingGeneralAndAdministrative": "4900000000",
            "researchAndDevelopment": "1687000000",
            "operatingExpenses": "6517000000",
            "investmentIncomeNet": "None",
            "netInterestIncome": "-423000000",
            "interestIncome": "201000000",
            "interestExpense": "423000000",
            "nonInterestIncome": "163000000",
            "otherNonOperatingIncome": "39000000",
            "depreciation": "520000000",
            "depreciationAndAmortization": "557000000",
            "incomeBeforeTax": "2002000000",
            "incomeTaxExpense": "419000000",
            "interestAndDebtExpense": "423000000",
            "netIncomeFromContinuingOperations": "1581000000",
            "comprehensiveIncomeNetOfTax": "1863000000",
            "ebit": "2425000000",
            "ebitda": "2982000000",
            "netIncome": "1583000000"
        },
        {
            "fiscalDateEnding": "2023-03-31",
            "reportedCurrency": "USD",
            "grossProfit": "7509000000",
            "totalRevenue": "14252000000",
            "costOfRevenue": "6743000000",
            "costofGoodsAndServicesSold": "30000000",
            "operatingIncome": "256000000",
            "sellingGeneralAndAdministrative": "4853000000",
            "researchAndDevelopment": "1655000000",
            "operatingExpenses": "7253000000",
            "investmentIncomeNet": "None",
            "netInterestIncome": "-367000000",
            "interestIncome": "170000000",
            "interestExpense": "367000000",
            "nonInterestIncome": "-93000000",
            "otherNonOperatingIncome": "22000000",
            "depreciation": "527000000",
            "depreciationAndAmortization": "547000000",
            "incomeBeforeTax": "1051000000",
            "incomeTaxExpense": "124000000",
            "interestAndDebtExpense": "367000000",
            "netIncomeFromContinuingOperations": "934000000",
            "comprehensiveIncomeNetOfTax": "888000000",
            "ebit": "1418000000",
            "ebitda": "1965000000",
            "netIncome": "927000000"
        },
        {
            "fiscalDateEnding": "2022-12-31",
            "reportedCurrency": "USD",
            "grossProfit": "9632000000",
            "totalRevenue": "16690000000",
            "costOfRevenue": "7058000000",
            "costofGoodsAndServicesSold": "190000000",
            "operatingIncome": "3294000000",
            "sellingGeneralAndAdministrative": "4766000000",
            "researchAndDevelopment": "1604000000",
            "operatingExpenses": "6338000000",
            "investmentIncomeNet": "None",
            "netInterestIncome": "-313000000",
            "interestIncome": "64000000",
            "interestExpense": "313000000",
            "nonInterestIncome": "-394000000",
            "otherNonOperatingIncome": "36000000",
            "depreciation": "570000000",
            "depreciationAndAmortization": "567000000",
            "incomeBeforeTax": "3154000000",
            "incomeTaxExpense": "444000000",
            "interestAndDebtExpense": "313000000",
            "netIncomeFromContinuingOperations": "2870000000",
            "comprehensiveIncomeNetOfTax": "3109000000",
            "ebit": "3467000000",
            "ebitda": "4034000000",
            "netIncome": "2710000000"
        },
        {
            "fiscalDateEnding": "2022-09-30",
            "reportedCurrency": "USD",
            "grossProfit": "7430000000",
            "totalRevenue": "14107000000",
            "costOfRevenue": "6677000000",
            "costofGoodsAndServicesSold": "57000000",
            "operatingIncome": "1471000000",
            "sellingGeneralAndAdministrative": "4391000000",
            "researchAndDevelopment": "1611000000",
            "operatingExpenses": "5959000000",
            "investmentIncomeNet": "None",
            "netInterestIncome": "-295000000",
            "interestIncome": "53000000",
            "interestExpense": "295000000",
            "nonInterestIncome": "363000000",
            "otherNonOperatingIncome": "80000000",
            "depreciation": "586000000",
            "depreciationAndAmortization": "577000000",
            "incomeBeforeTax": "-4483000000",
            "incomeTaxExpense": "-1287000000",
            "interestAndDebtExpense": "295000000",
            "netIncomeFromContinuingOperations": "-3214000000",
            "comprehensiveIncomeNetOfTax": "1834000000",
            "ebit": "-4188000000",
            "ebitda": "-3611000000",
            "netIncome": "-3196000000"
        },
        {
            "fiscalDateEnding": "2022-06-30",
            "reportedCurrency": "USD",
            "grossProfit": "8290000000",
            "totalRevenue": "15535000000",
            "costOfRevenue": "7246000000",
            "costofGoodsAndServicesSold": "120000000",
            "operatingIncome": "2377000000",
            "sellingGeneralAndAdministrative": "4855000000",
            "researchAndDevelopment": "1673000000",
            "operatingExpenses": "5913000000",
            "investmentIncomeNet": "None",
            "netInterestIncome": "-297000000",
            "interestIncome": "28000000",
            "interestExpense": "297000000",
            "nonInterestIncome": "440000000",
            "otherNonOperatingIncome": "243000000",
            "depreciation": "620000000",
            "depreciationAndAmortization": "626000000",
            "incomeBeforeTax": "1649000000",
            "incomeTaxExpense": "257000000",
            "interestAndDebtExpense": "297000000",
            "netIncomeFromContinuingOperations": "1465000000",
            "comprehensiveIncomeNetOfTax": "1755000000",
            "ebit": "1946000000",
            "ebitda": "2572000000",
            "netIncome": "1392000000"
        },
        {
            "fiscalDateEnding": "2022-03-31",
            "reportedCurrency": "USD",
            "grossProfit": "7335000000",
            "totalRevenue": "14197000000",
            "costOfRevenue": "6862000000",
            "costofGoodsAndServicesSold": "19000000",
            "operatingIncome": "470000000",
            "sellingGeneralAndAdministrative": "4597000000",
            "researchAndDevelopment": "1679000000",
            "operatingExpenses": "6865000000",
            "investmentIncomeNet": "None",
            "netInterestIncome": "-311000000",
            "interestIncome": "17000000",
            "interestExpense": "311000000",
            "nonInterestIncome": "-42000000",
            "otherNonOperatingIncome": "83000000",
            "depreciation": "631000000",
            "depreciationAndAmortization": "625000000",
            "incomeBeforeTax": "694000000",
            "incomeTaxExpense": "-39000000",
            "interestAndDebtExpense": "311000000",
            "netIncomeFromContinuingOperations": "662000000",
            "comprehensiveIncomeNetOfTax": "1436000000",
            "ebit": "1005000000",
            "ebitda": "1630000000",
            "netIncome": "733000000"
        },
        {
            "fiscalDateEnding": "2021-12-31",
            "reportedCurrency": "USD",
            "grossProfit": "9501000000",
            "totalRevenue": "16694000000",
            "costOfRevenue": "7195000000",
            "costofGoodsAndServicesSold": "89000000",
            "operatingIncome": "913000000",
            "sellingGeneralAndAdministrative": "4903000000",
            "researchAndDevelopment": "1625000000",
            "operatingExpenses": "5194000000",
            "investmentIncomeNet": "None",
            "netInterestIncome": "-303000000",
            "interestIncome": "13000000",
            "interestExpense": "303000000",
            "nonInterestIncome": "None",
            "otherNonOperatingIncome": "38000000",
            "depreciation": "749000000",
            "depreciationAndAmortization": "632000000",
            "incomeBeforeTax": "2739000000",
            "incomeTaxExpense": "406000000",
            "interestAndDebtExpense": "303000000",
            "netIncomeFromContinuingOperations": "2462000000",
            "comprehensiveIncomeNetOfTax": "5136000000",
            "ebit": "3042000000",
            "ebitda": "3674000000",
            "netIncome": "2333000000"
        },
        {
            "fiscalDateEnding": "2021-09-30",
            "reportedCurrency": "USD",
            "grossProfit": "7106000000",
            "totalRevenue": "13251000000",
            "costOfRevenue": "6145000000",
            "costofGoodsAndServicesSold": "49000000",
            "operatingIncome": "1761000000",
            "sellingGeneralAndAdministrative": "4306000000",
            "researchAndDevelopment": "1606000000",
            "operatingExpenses": "6410000000",
            "investmentIncomeNet": "None",
            "netInterestIncome": "-291000000",
            "interestIncome": "-1000000",
            "interestExpense": "290000000",
            "nonInterestIncome": "None",
            "otherNonOperatingIncome": "-234000000",
            "depreciation": "1037000000",
            "depreciationAndAmortization": "647000000",
            "incomeBeforeTax": "906000000",
            "incomeTaxExpense": "-224000000",
            "interestAndDebtExpense": "291000000",
            "netIncomeFromContinuingOperations": "1037000000",
            "comprehensiveIncomeNetOfTax": "1480000000",
            "ebit": "1196000000",
            "ebitda": "1843000000",
            "netIncome": "1130000000"
        },
        {
            "fiscalDateEnding": "2021-06-30",
            "reportedCurrency": "USD",
            "grossProfit": "7852000000",
            "totalRevenue": "14218000000",
            "costOfRevenue": "6366000000",
            "costofGoodsAndServicesSold": "103000000",
            "operatingIncome": "2304000000",
            "sellingGeneralAndAdministrative": "4849000000",
            "researchAndDevelopment": "1641000000",
            "operatingExpenses": "6700000000",
            "investmentIncomeNet": "None",
            "netInterestIncome": "-281000000",
            "interestIncome": "11000000",
            "interestExpense": "281000000",
            "nonInterestIncome": "None",
            "otherNonOperatingIncome": "-315000000",
            "depreciation": "1050000000",
            "depreciationAndAmortization": "630000000",
            "incomeBeforeTax": "1426000000",
            "incomeTaxExpense": "101000000",
            "interestAndDebtExpense": "281000000",
            "netIncomeFromContinuingOperations": "810000000",
            "comprehensiveIncomeNetOfTax": "1930000000",
            "ebit": "1707000000",
            "ebitda": "2337000000",
            "netIncome": "1325000000"
        },
        {
            "fiscalDateEnding": "2021-03-31",
            "reportedCurrency": "USD",
            "grossProfit": "7027000000",
            "totalRevenue": "13187000000",
            "costOfRevenue": "6160000000",
            "costofGoodsAndServicesSold": "59000000",
            "operatingIncome": "1084000000",
            "sellingGeneralAndAdministrative": "4688000000",
            "researchAndDevelopment": "1616000000",
            "operatingExpenses": "7120000000",
            "investmentIncomeNet": "None",
            "netInterestIncome": "-280000000",
            "interestIncome": "14000000",
            "interestExpense": "280000000",
            "nonInterestIncome": "None",
            "otherNonOperatingIncome": "-362000000",
            "depreciation": "1052000000",
            "depreciationAndAmortization": "620000000",
            "incomeBeforeTax": "795000000",
            "incomeTaxExpense": "-160000000",
            "interestAndDebtExpense": "280000000",
            "netIncomeFromContinuingOperations": "403000000",
            "comprehensiveIncomeNetOfTax": "2036000000",
            "ebit": "1075000000",
            "ebitda": "1695000000",
            "netIncome": "955000000"
        },
        {
            "fiscalDateEnding": "2020-12-31",
            "reportedCurrency": "USD",
            "grossProfit": "5813000000",
            "totalRevenue": "1926000000",
            "costOfRevenue": "-3888000000",
            "costofGoodsAndServicesSold": "181000000",
            "operatingIncome": "-4000000000",
            "sellingGeneralAndAdministrative": "4712000000",
            "researchAndDevelopment": "1540000000",
            "operatingExpenses": "2000000000",
            "investmentIncomeNet": "None",
            "netInterestIncome": "-317000000",
            "interestIncome": "15000000",
            "interestExpense": "317000000",
            "nonInterestIncome": "None",
            "otherNonOperatingIncome": "-247000000",
            "depreciation": "1089000000",
            "depreciationAndAmortization": "610000000",
            "incomeBeforeTax": "884000000",
            "incomeTaxExpense": "-472000000",
            "interestAndDebtExpense": "317000000",
            "netIncomeFromContinuingOperations": "-305000000",
            "comprehensiveIncomeNetOfTax": "603000000",
            "ebit": "1201000000",
            "ebitda": "1811000000",
            "netIncome": "1356000000"
        },
        {
            "fiscalDateEnding": "2020-09-30",
            "reportedCurrency": "USD",
            "grossProfit": "8430000000",
            "totalRevenue": "17560000000",
            "costOfRevenue": "9130000000",
            "costofGoodsAndServicesSold": "64000000",
            "operatingIncome": "2358000000",
            "sellingGeneralAndAdministrative": "4647000000",
            "researchAndDevelopment": "1515000000",
            "operatingExpenses": "6072000000",
            "investmentIncomeNet": "None",
            "netInterestIncome": "-323000000",
            "interestIncome": "15000000",
            "interestExpense": "323000000",
            "nonInterestIncome": "None",
            "otherNonOperatingIncome": "-253000000",
            "depreciation": "1070000000",
            "depreciationAndAmortization": "613000000",
            "incomeBeforeTax": "1826000000",
            "incomeTaxExpense": "128000000",
            "interestAndDebtExpense": "323000000",
            "netIncomeFromContinuingOperations": "1698000000",
            "comprehensiveIncomeNetOfTax": "1870000000",
            "ebit": "2149000000",
            "ebitda": "2762000000",
            "netIncome": "1698000000"
        },
        {
            "fiscalDateEnding": "2020-06-30",
            "reportedCurrency": "USD",
            "grossProfit": "8700000000",
            "totalRevenue": "18123000000",
            "costOfRevenue": "9423000000",
            "costofGoodsAndServicesSold": "117000000",
            "operatingIncome": "2121000000",
            "sellingGeneralAndAdministrative": "5248000000",
            "researchAndDevelopment": "1582000000",
            "operatingExpenses": "6579000000",
            "investmentIncomeNet": "None",
            "netInterestIncome": "-323000000",
            "interestIncome": "23000000",
            "interestExpense": "323000000",
            "nonInterestIncome": "None",
            "otherNonOperatingIncome": "-179000000",
            "depreciation": "1056000000",
            "depreciationAndAmortization": "623000000",
            "incomeBeforeTax": "1570000000",
            "incomeTaxExpense": "209000000",
            "interestAndDebtExpense": "323000000",
            "netIncomeFromContinuingOperations": "1362000000",
            "comprehensiveIncomeNetOfTax": "1888000000",
            "ebit": "1893000000",
            "ebitda": "2516000000",
            "netIncome": "1361000000"
        },
        {
            "fiscalDateEnding": "2020-03-31",
            "reportedCurrency": "USD",
            "grossProfit": "7922000000",
            "totalRevenue": "17571000000",
            "costOfRevenue": "9649000000",
            "costofGoodsAndServicesSold": "76000000",
            "operatingIncome": "-145000000",
            "sellingGeneralAndAdministrative": "5955000000",
            "researchAndDevelopment": "1625000000",
            "operatingExpenses": "8067000000",
            "investmentIncomeNet": "None",
            "netInterestIncome": "-326000000",
            "interestIncome": "51000000",
            "interestExpense": "326000000",
            "nonInterestIncome": "None",
            "otherNonOperatingIncome": "-182000000",
            "depreciation": "1012000000",
            "depreciationAndAmortization": "622000000",
            "incomeBeforeTax": "-51000000",
            "incomeTaxExpense": "-1226000000",
            "interestAndDebtExpense": "326000000",
            "netIncomeFromContinuingOperations": "1176000000",
            "comprehensiveIncomeNetOfTax": "489000000",
            "ebit": "275000000",
            "ebitda": "897000000",
            "netIncome": "1175000000"
        },
        {
            "fiscalDateEnding": "2019-12-31",
            "reportedCurrency": "USD",
            "grossProfit": "6145000000",
            "totalRevenue": "2344000000",
            "costOfRevenue": "-3801000000",
            "costofGoodsAndServicesSold": "387000000",
            "operatingIncome": "4048000000",
            "sellingGeneralAndAdministrative": "3553000000",
            "researchAndDevelopment": "1517000000",
            "operatingExpenses": "7052000000",
            "investmentIncomeNet": "None",
            "netInterestIncome": "-354000000",
            "interestIncome": "48000000",
            "interestExpense": "354000000",
            "nonInterestIncome": "None",
            "otherNonOperatingIncome": "None",
            "depreciation": "1021000000",
            "depreciationAndAmortization": "629000000",
            "incomeBeforeTax": "3323000000",
            "incomeTaxExpense": "-347000000",
            "interestAndDebtExpense": "354000000",
            "netIncomeFromContinuingOperations": "1380000000",
            "comprehensiveIncomeNetOfTax": "4159000000",
            "ebit": "3677000000",
            "ebitda": "4306000000",
            "netIncome": "3670000000"
        },
        {
            "fiscalDateEnding": "2019-09-30",
            "reportedCurrency": "USD",
            "grossProfit": "8336000000",
            "totalRevenue": "18028000000",
            "costOfRevenue": "9692000000",
            "costofGoodsAndServicesSold": "75000000",
            "operatingIncome": "1872000000",
            "sellingGeneralAndAdministrative": "5024000000",
            "researchAndDevelopment": "1553000000",
            "operatingExpenses": "6464000000",
            "investmentIncomeNet": "None",
            "netInterestIncome": "-432000000",
            "interestIncome": "63000000",
            "interestExpense": "432000000",
            "nonInterestIncome": "None",
            "otherNonOperatingIncome": "None",
            "depreciation": "1058000000",
            "depreciationAndAmortization": "611000000",
            "incomeBeforeTax": "1521000000",
            "incomeTaxExpense": "-151000000",
            "interestAndDebtExpense": "432000000",
            "netIncomeFromContinuingOperations": "1673000000",
            "comprehensiveIncomeNetOfTax": "1427000000",
            "ebit": "1953000000",
            "ebitda": "2564000000",
            "netIncome": "1672000000"
        },
        {
            "fiscalDateEnding": "2019-06-30",
            "reportedCurrency": "USD",
            "grossProfit": "9010000000",
            "totalRevenue": "19161000000",
            "costOfRevenue": "10151000000",
            "costofGoodsAndServicesSold": "74000000",
            "operatingIncome": "1950000000",
            "sellingGeneralAndAdministrative": "5456000000",
            "researchAndDevelopment": "1407000000",
            "operatingExpenses": "7060000000",
            "investmentIncomeNet": "None",
            "netInterestIncome": "-348000000",
            "interestIncome": "167000000",
            "interestExpense": "348000000",
            "nonInterestIncome": "None",
            "otherNonOperatingIncome": "None",
            "depreciation": "987000000",
            "depreciationAndAmortization": "307000000",
            "incomeBeforeTax": "2767000000",
            "incomeTaxExpense": "269000000",
            "interestAndDebtExpense": "348000000",
            "netIncomeFromContinuingOperations": "2499000000",
            "comprehensiveIncomeNetOfTax": "2839000000",
            "ebit": "3115000000",
            "ebitda": "3422000000",
            "netIncome": "2498000000"
        },
        {
            "fiscalDateEnding": "2019-03-31",
            "reportedCurrency": "USD",
            "grossProfit": "8043000000",
            "totalRevenue": "18182000000",
            "costOfRevenue": "10139000000",
            "costofGoodsAndServicesSold": "55000000",
            "operatingIncome": "1616000000",
            "sellingGeneralAndAdministrative": "4691000000",
            "researchAndDevelopment": "1433000000",
            "operatingExpenses": "6427000000",
            "investmentIncomeNet": "None",
            "netInterestIncome": "-210000000",
            "interestIncome": "70000000",
            "interestExpense": "210000000",
            "nonInterestIncome": "None",
            "otherNonOperatingIncome": "73000000",
            "depreciation": "1143000000",
            "depreciationAndAmortization": "303000000",
            "incomeBeforeTax": "1880000000",
            "incomeTaxExpense": "289000000",
            "interestAndDebtExpense": "210000000",
            "netIncomeFromContinuingOperations": "1593000000",
            "comprehensiveIncomeNetOfTax": "1899000000",
            "ebit": "2090000000",
            "ebitda": "2393000000",
            "netIncome": "1591000000"
        },
        {
            "fiscalDateEnding": "2018-12-31",
            "reportedCurrency": "USD",
            "grossProfit": "10687000000",
            "totalRevenue": "21761000000",
            "costOfRevenue": "11073000000",
            "costofGoodsAndServicesSold": "11073000000",
            "operatingIncome": "4306000000",
            "sellingGeneralAndAdministrative": "4701000000",
            "researchAndDevelopment": "1358000000",
            "operatingExpenses": "6381000000",
            "investmentIncomeNet": "None",
            "netInterestIncome": "-193000000",
            "interestIncome": "None",
            "interestExpense": "193000000",
            "nonInterestIncome": "None",
            "otherNonOperatingIncome": "-184000000",
            "depreciation": "790000000",
            "depreciationAndAmortization": "322000000",
            "incomeBeforeTax": "4432000000",
            "incomeTaxExpense": "2481000000",
            "interestAndDebtExpense": "193000000",
            "netIncomeFromContinuingOperations": "1953000000",
            "comprehensiveIncomeNetOfTax": "282000000",
            "ebit": "4625000000",
            "ebitda": "4947000000",
            "netIncome": "1951000000"
        }
    ]
}